
@misc{fastapi,
	title = {{FastAPI} class - {FastAPI}},
	url = {https://fastapi.tiangolo.com/reference/fastapi/},
	abstract = {FastAPI framework, high performance, easy to learn, fast to code, ready for production},
	language = {en},
	urldate = {2024-02-10}, 
	file = {Snapshot:/Users/rebeka/Zotero/storage/H8J6M4J3/fastapi.html:text/html},
}

@misc{multithreading_2017,
	title = {Multithreading in {Python}},
	url = {https://www.geeksforgeeks.org/multithreading-python-set-1/},
	abstract = {A Computer Science portal for geeks. It contains well written, well thought and well explained computer science and programming articles, quizzes and practice/competitive programming/company interview Questions.},
	language = {en-US},
	urldate = {2024-02-10},
	journal = {GeeksforGeeks},
	month = jul,
	year = {2017},
	note = {Section: Python},
	file = {Snapshot:/Users/rebeka/Zotero/storage/R2EGW7IL/multithreading-python-set-1.html:text/html},
}

@misc{client-server_2019,
	title = {Client-{Server} {Model}},
	url = {https://www.geeksforgeeks.org/client-server-model/},
	abstract = {A Computer Science portal for geeks. It contains well written, well thought and well explained computer science and programming articles, quizzes and practice/competitive programming/company interview Questions.},
	language = {en-US},
	urldate = {2024-02-10},
	journal = {GeeksforGeeks},
	month = oct,
	year = {2019},
	note = {Section: Web Technologies},
	file = {Snapshot:/Users/rebeka/Zotero/storage/U6TRMH32/client-server-model.html:text/html},
}

@book{tan10,
  author         = {Tanenbaum, Andrew S.; Wetherall, David J.},
  editor         = {},
  publisher      = {Pearson},
  title          = {Computer Networks},
  year           = {2010},
  isbn           = {978-0-13-212695-3},
  numpages		 = {4,5,7,382},
  
}

@book{tane15,
	address = {Boston},
	edition = {Fourth edition},
	title = {Modern operating systems},
	isbn = {978-0-13-359162-0},
	publisher = {Pearson},
	author = {Tanenbaum, Andrew S.},
	year = {2015},
	keywords = {Operating systems (Computers)},
}

@book{steen23,
	address = {Erscheinungsort nicht ermittelbar},
	edition = {Fourth edition, version 4.01 (January 2023)},
	title = {Distributed {Systems}},
	isbn = {978-90-815406-4-3 978-90-815406-3-6},
	language = {eng},
	publisher = {Maarten van Steen},
	author = {Steen, Maarten van and Tanenbaum, Andrew S.},
	year = {2023},
}